<?xml version="1.0" encoding="UTF-8"?><collection xmlns="http://www.loc.gov/MARC21/slim"><record><leader>00323nam--2200121-i-4500</leader><controlfield tag="001">000041787</controlfield><controlfield tag="002">20161230</controlfield><controlfield tag="005">20161230201043</controlfield><controlfield tag="008">060222s1000------------r-----000-0-eng-d</controlfield><datafield ind1=" " ind2=" " tag="100"><subfield code="a">S Jobbema,D.J.W</subfield></datafield><datafield ind1=" " ind2=" " tag="245"><subfield code="a">Utilisation des transistors</subfield></datafield><datafield ind1=" " ind2=" " tag="260"><subfield code="a">Eindhoven, Bibliotheque Technique Philips, 1961. Ix + 116 P</subfield></datafield><datafield ind1=" " ind2=" " tag="852"><subfield code="a">16767</subfield></datafield></record></collection>